<?xml version="1.0" encoding="UTF-8"?><record xmlns="http://www.loc.gov/MARC21/slim" xmlns:cinclude="http://apache.org/cocoon/include/1.0" xmlns:zs="http://www.loc.gov/zing/srw/">
  <leader>00498cz  a2200133n  4500</leader>
  <controlfield tag="001">n  83130702 </controlfield>
  <controlfield tag="003">DLC</controlfield>
  <controlfield tag="005">20081221205409.0</controlfield>
  <controlfield tag="008">830628n| acannaabn          |n ana      </controlfield>
  <datafield tag="010" ind1=" " ind2=" ">
    <subfield code="a">n  83130702 </subfield>
  </datafield>
  <datafield tag="035" ind1=" " ind2=" ">
    <subfield code="a">(OCoLC)oca00963909</subfield>
  </datafield>
  <datafield tag="040" ind1=" " ind2=" ">
    <subfield code="a">DLC</subfield>
    <subfield code="b">eng</subfield>
    <subfield code="c">DLC</subfield>
    <subfield code="d">OCoLC</subfield>
  </datafield>
  <datafield tag="110" ind1="2" ind2=" ">
    <subfield code="a">Virginia State Bar.</subfield>
    <subfield code="b">Real Property Section</subfield>
  </datafield>
  <datafield tag="670" ind1=" " ind2=" ">
    <subfield code="a">Real Estate Practice Seminar (1st : 1983 : Alexandria, Va., etc.). First Annual Real Estate Practice Seminar, c1983 (a.e.)</subfield>
    <subfield code="b">t.p. (Real Property Section, Virginia State Bar)</subfield>
  </datafield>
</record>